<?xml version="1.0" encoding="UTF-8"?><collection xmlns="http://www.loc.gov/MARC21/slim"><record><leader>00549nam--2200133-i-4500</leader><controlfield tag="001">000009728</controlfield><controlfield tag="002">20161230</controlfield><controlfield tag="005">20170225104142</controlfield><controlfield tag="008">060222s1000------------r-----000-0-eng-d</controlfield><datafield ind1=" " ind2=" " tag="100"><subfield code="a">Ceausescu, D</subfield></datafield><datafield ind1=" " ind2=" " tag="245"><subfield code="a">Contributii romanesti la dezvoltarea chimiei analitice. Bibliografia lucrarilor de chimie a nalitica publicate de autori romani si recenza te de referate chemisches zentralblatt in intervalul 1870-1969</subfield></datafield><datafield ind1=" " ind2=" " tag="260"><subfield code="a">Bucuresti</subfield><subfield code="b">Centrul De Documentare Al Industrie I Chimice Si Petroliere</subfield><subfield code="c">1971</subfield></datafield><datafield ind1=" " ind2=" " tag="300"><subfield code="a">209 p</subfield></datafield><datafield ind1=" " ind2=" " tag="CAT"><subfield code="a">SYS</subfield><subfield code="c">20170225</subfield><subfield code="h">104142</subfield></datafield></record></collection>